<?xml version="1.0" encoding="UTF-8" ?>
<collection xmlns:xsi="http://www.w3.org/2001/XMLSchema-instance"
    xsi:schemaLocation="http://www.loc.gov/MARC21/slim
        http://www.loc.gov/standards/marcxml/schema/MARC21slim.xsd"
    xmlns="http://www.loc.gov/MARC21/slim">
<record>
  <leader>00237cam a2200445 i 4500</leader>
  <controlfield tag="001">b12447122</controlfield>
  <controlfield tag="003">LeBAU</controlfield>
  <controlfield tag="005">20190829</controlfield>
  <controlfield tag="008">970517s1953    sy       b    000 0 ara d</controlfield>
  <datafield tag="035" ind1=" " ind2=" ">
    <subfield code="a">ocn784321447</subfield>
  </datafield>
  <datafield tag="040" ind1=" " ind2=" ">
    <subfield code="a">LEAUB</subfield>
    <subfield code="b">ara</subfield>
    <subfield code="e">rda</subfield>
    <subfield code="c">LEAUB</subfield>
    <subfield code="d">LEAUB</subfield>
  </datafield>
  <datafield tag="043" ind1=" " ind2=" ">
    <subfield code="a">a-sy---</subfield>
  </datafield>
  <datafield tag="082" ind1="0" ind2="4">
    <subfield code="a">351</subfield>
    <subfield code="2">22</subfield>
  </datafield>
  <datafield tag="100" ind1="1" ind2=" ">
    <subfield code="6">880-01</subfield>
    <subfield code="a">Bārūdī, Muṣṭafá.</subfield>
    <subfield code="e">author.</subfield>
    <subfield code="0">https://lccn.loc.gov/nr92003587 ,</subfield>
  </datafield>
  <datafield tag="245" ind1="1" ind2="0">
    <subfield code="6">880-02</subfield>
    <subfield code="a">al-Wajīz fī al-ḥuqūq al-idārīyah /</subfield>
    <subfield code="c">Muṣṭafá al-Bārūdī, duktūr fī al-ḥuqūq, mudarris al-ḥuqūq al-idārīyah fī Kullīyat al-Ḥuqūq bi-Dimashq.</subfield>
  </datafield>
  <datafield tag="250" ind1=" " ind2=" ">
    <subfield code="6">880-03</subfield>
    <subfield code="a">al-Ṭabʻah al-thāniyah.</subfield>
  </datafield>
  <datafield tag="264" ind1=" " ind2="1">
    <subfield code="6">880-04</subfield>
    <subfield code="a">Dimashq :</subfield>
    <subfield code="b">Maṭbaʻat al-Jāmiʻah al-Sūrīyah,</subfield>
    <subfield code="c">1372 H. = 1953 M.</subfield>
  </datafield>
  <datafield tag="300" ind1=" " ind2=" ">
    <subfield code="6">880-05</subfield>
    <subfield code="a">464 pages ;</subfield>
    <subfield code="c">25 cm</subfield>
  </datafield>
  <datafield tag="336" ind1=" " ind2=" ">
    <subfield code="a">text</subfield>
    <subfield code="b">txt</subfield>
    <subfield code="2">rdacontent</subfield>
  </datafield>
  <datafield tag="337" ind1=" " ind2=" ">
    <subfield code="a">unmediated</subfield>
    <subfield code="b">n</subfield>
    <subfield code="2">rdamedia</subfield>
  </datafield>
  <datafield tag="338" ind1=" " ind2=" ">
    <subfield code="a">volume</subfield>
    <subfield code="b">nc</subfield>
    <subfield code="2">rdacarrier</subfield>
  </datafield>
  <datafield tag="504" ind1=" " ind2=" ">
    <subfield code="a">يتضمن مراجع ببليوغرافية (صفحات 30-27)</subfield>
  </datafield>
  <datafield tag="650" ind1=" " ind2="4">
    <subfield code="a">الاجراءات الادارية</subfield>
    <subfield code="z">سوريا.</subfield>
  </datafield>
  <datafield tag="650" ind1=" " ind2="4">
    <subfield code="a">القانون الإداري</subfield>
    <subfield code="z">سوريا.</subfield>
  </datafield>
  <datafield tag="650" ind1=" " ind2="0">
    <subfield code="a">Administrative procedure</subfield>
    <subfield code="z">Syria.</subfield>
  </datafield>
  <datafield tag="650" ind1=" " ind2="0">
    <subfield code="a">Administrative law</subfield>
    <subfield code="z">Syria.</subfield>
  </datafield>
  <datafield tag="775" ind1="0" ind2="8">
    <subfield code="6">880-06</subfield>
    <subfield code="i">has designation of edition</subfield>
    <subfield code="4">http://rdaregistry.info/Elements/m/P30133 :</subfield>
    <subfield code="a">Bārūdī, Muṣṭafá.</subfield>
    <subfield code="t">Wajīz fī al-ḥuqūq al-idārīyah.</subfield>
    <subfield code="b">al-Ṭabʻah al-thālithah.</subfield>
    <subfield code="d">Dimashq : Maṭbaʻat al-Jāmiʻah al-Sūrīyah. 1956</subfield>
    <subfield code="w">(OCoLC)784321453</subfield>
    <subfield code="w">(OCoLC)784321453</subfield>
  </datafield>
  <datafield tag="775" ind1="0" ind2="8">
    <subfield code="6">880-07</subfield>
    <subfield code="i">has designation of edition</subfield>
    <subfield code="4">http://rdaregistry.info/Elements/m/P30133 :</subfield>
    <subfield code="a">Bārūdī, Muṣṭafá.</subfield>
    <subfield code="t">Wajīz fī al-ḥuqūq al-idārīyah.</subfield>
    <subfield code="b">al-Ṭabʻah al-rābiʻah.</subfield>
    <subfield code="d">Dimashq : al-Maṭbaʻah al-Hāshimīyah, 1958</subfield>
    <subfield code="w">(OCoLC)784321457</subfield>
    <subfield code="w">(OCoLC)784321457</subfield>
  </datafield>
  <datafield tag="852" ind1=" " ind2=" ">
    <subfield code="a">Jafet Library</subfield>
    <subfield code="e">American University of Beirut, Bliss Street , Beirut, Lebanon.</subfield>
  </datafield>
  <datafield tag="880" ind1="1" ind2=" ">
    <subfield code="6">100-01/(3/r</subfield>
    <subfield code="a">البارودي، مصطفى،</subfield>
    <subfield code="0">https://lccn.loc.gov/nr92003587 ,</subfield>
    <subfield code="e">مؤلف. </subfield>
    <subfield code="4">aut.</subfield>
  </datafield>
  <datafield tag="880" ind1="1" ind2="3">
    <subfield code="6">245-02/(3/r</subfield>
    <subfield code="a">الوجيز في الحقوق الإدارية /</subfield>
    <subfield code="c">مصطفى البارودي، دكتور في الحقوق، مدرس الحقوق الادارية في كلية الحقوق بدمشق.</subfield>
  </datafield>
  <datafield tag="880" ind1=" " ind2=" ">
    <subfield code="6">250-03/(3/r</subfield>
    <subfield code="a">الطبعة الثانية.</subfield>
  </datafield>
  <datafield tag="880" ind1=" " ind2="1">
    <subfield code="6">264-04/(3/r</subfield>
    <subfield code="a">دمشق :</subfield>
    <subfield code="b">مطبعة الجامعة السورية،</subfield>
    <subfield code="c">1372 هـ. = 1953 م.</subfield>
  </datafield>
  <datafield tag="880" ind1=" " ind2=" ">
    <subfield code="6">300-05/(3/r</subfield>
    <subfield code="a">464 صفحة ؛</subfield>
    <subfield code="c">25 سم</subfield>
  </datafield>
  <datafield tag="880" ind1="0" ind2="8">
    <subfield code="6">775-06/(3/r</subfield>
    <subfield code="i">دلالة على الطبعة</subfield>
    <subfield code="4">http://rdaregistry.info/Elements/m/P30133 :</subfield>
    <subfield code="a">البارودي، مصطفى.</subfield>
    <subfield code="t">الوجيز في الحقوق الادارية.</subfield>
    <subfield code="b">الطبعة الثالثة.</subfield>
    <subfield code="d">دمشق : مطبعة الجامعة السورية، 1956</subfield>
    <subfield code="w">(LEAUB)b1244716x</subfield>
    <subfield code="w">(OCoLC)784321453</subfield>
  </datafield>
  <datafield tag="880" ind1="0" ind2="8">
    <subfield code="6">775-07/(3/r</subfield>
    <subfield code="i">دلالة على الطبعة</subfield>
    <subfield code="4">http://rdaregistry.info/Elements/m/P30133 :</subfield>
    <subfield code="a">البارودي، مصطفى.</subfield>
    <subfield code="t">الوجيز في الحقوق الادارية.</subfield>
    <subfield code="b">الطبعة الرابعة.</subfield>
    <subfield code="d">دمشق : المطبعة الهاشمية، 1958</subfield>
    <subfield code="w">(LEAUB)b12447195</subfield>
    <subfield code="w">(OCoLC)784321457</subfield>
  </datafield>
  <datafield tag="907" ind1=" " ind2=" ">
    <subfield code="a">.b12447122</subfield>
    <subfield code="b">19-09-27</subfield>
    <subfield code="c">11-05-24</subfield>
  </datafield>
  <datafield tag="907" ind1=" " ind2=" ">
    <subfield code="a">.b12447122</subfield>
    <subfield code="b">15-10-15</subfield>
    <subfield code="c">11-05-24</subfield>
  </datafield>
  <datafield tag="945" ind1=" " ind2=" ">
    <subfield code="f">J</subfield>
    <subfield code="a">351:B29wA:c.1</subfield>
    <subfield code="i">01020592</subfield>
    <subfield code="j">.i12924337</subfield>
    <subfield code="l">u0503</subfield>
  </datafield>
  <datafield tag="998" ind1=" " ind2=" ">
    <subfield code="a">u05</subfield>
    <subfield code="b">97-05-17</subfield>
    <subfield code="c">m</subfield>
    <subfield code="d">a  </subfield>
    <subfield code="e">-</subfield>
    <subfield code="f">ara</subfield>
    <subfield code="g">sy </subfield>
    <subfield code="h">0</subfield>
    <subfield code="i">1</subfield>
  </datafield>
</record>
</collection>
